@inproceedings{zhu2015high,
  title={High-fidelity pose and expression normalization for face recognition in the wild},
  author={Zhu, Xiangyu and Lei, Zhen and Yan, Junjie and Yi, Dong and Li, Stan Z},
  booktitle={Conference on Computer Vision and Pattern Recognition},
  year={2015}
}

@inproceedings{aldrian2010linear,
  title={A linear approach of 3d face shape and texture recovery using a 3d morphable model},
  author={Aldrian, Oswald and Smith, WA},
  booktitle={British Machine Vision Conference},
  year={2010}
}

@article{kemelmacher20113d,
  title={3D face reconstruction from a single image using a single reference face shape},
  author={Kemelmacher-Shlizerman, Ira and Basri, Ronen},
  journal={Transactions on Pattern Analysis and Machine Intelligence},
  volume={33},
  number={2},
  year={2011}
}

@inproceedings{dou2014robust,
  title={Robust 3D face shape reconstruction from single images via two-fold coupled structure learning},
  author={Dou, Pengfei and Wu, Yuhang and Shah, Shishr K and Kakadiaris, Ioannis A},
  booktitle={British Machine Vision Conference},
  year={2014}
}

@inproceedings{blanz1999morphable,
  title={A morphable model for the synthesis of 3D faces.},
  author={Blanz, Volker and Vetter, Thomas and others},
  booktitle={Siggraph},
  volume={99},
  number={1999},
  year={1999}
}

@inproceedings{breuer2008automatic,
  title={Automatic 3D face reconstruction from single images or video},
  author={Breuer, Pia and Kim, Kwang-In and Kienzle, Wolf and Scholkopf, Bernhard and Blanz, Volker},
  booktitle={International Conference on Automatic Face \& Gesture Recognition},
  year={2008}
}

@inproceedings{saito2017photorealistic,
  title={Photorealistic facial texture inference using deep neural networks},
  author={Saito, Shunsuke and Wei, Lingyu and Hu, Liwen and Nagano, Koki and Li, Hao},
  booktitle={Conference on Computer Vision and Pattern Recognition},
  year={2017}
}

@article{jiang20183d,
  title={3D face reconstruction with geometry details from a single image},
  author={Jiang, Luo and Zhang, Juyong and Deng, Bailin and Li, Hao and Liu, Ligang},
  journal={IEEE Transactions on Image Processing},
  volume={27},
  number={10},
  year={2018}
}

@inproceedings{richardson20163d,
  title={3D face reconstruction by learning from synthetic data},
  author={Richardson, Elad and Sela, Matan and Kimmel, Ron},
  booktitle={International Conference on 3D Vision (3DV)},
  year={2016},
}

@inproceedings{tuan2017regressing,
  title={Regressing robust and discriminative 3D morphable models with a very deep neural network},
  author={Tuan Tran, Anh and Hassner, Tal and Masi, Iacopo and Medioni, G{\'e}rard},
  booktitle={Conference on Computer Vision and Pattern Recognition},
  year={2017}
}

@inproceedings{zollhofer2018state,
  title={State of the art on monocular 3D face reconstruction, tracking, and applications},
  author={Zollh{\"o}fer, Michael and Thies, Justus and Garrido, Pablo and Bradley, Derek and Beeler, Thabo and P{\'e}rez, Patrick and Stamminger, Marc and Nie{\ss}ner, Matthias and Theobalt, Christian},
  booktitle={Computer Graphics Forum},
  volume={37},
  number={2},
  year={2018}
}

@inproceedings{gotardo2015photogeometric,
  title={Photogeometric scene flow for high-detail dynamic 3d reconstruction},
  author={Gotardo, Paulo FU and Simon, Tomas and Sheikh, Yaser and Matthews, Iain},
  booktitle={International Conference on Computer Vision},
  year={2015}
}

@inproceedings{lin2010accurate,
  title={Accurate 3D face reconstruction from weakly calibrated wide baseline images with profile contours},
  author={Lin, Yuping and Medioni, G{\'e}rard and Choi, Jongmoo},
  booktitle={Conference on Computer Vision and Pattern Recognition},
  year={2010}
}

@inproceedings{fidaleo2007model,
  title={Model-assisted 3d face reconstruction from video},
  author={Fidaleo, Douglas and Medioni, G{\'e}rard},
  booktitle={International Workshop on Analysis and Modeling of Faces and Gestures},
  year={2007}
}

@article{hernandez2017accurate,
  title={Accurate 3D face reconstruction via prior constrained structure from motion},
  author={Hernandez, Matthias and Hassner, Tal and Choi, Jongmoo and Medioni, Gerard},
  journal={Computers \& Graphics},
  volume={66},
  year={2017}
}

@inproceedings{brand2001morphable,
  title={Morphable 3D models from video},
  author={Brand, W},
  booktitle={Conference on Computer Vision and Pattern Recognition},
  year={2001}
}

@article{shi2014automatic,
  title={Automatic acquisition of high-fidelity facial performances using monocular videos},
  author={Shi, Fuhao and Wu, Hsiang-Tao and Tong, Xin and Chai, Jinxiang},
  journal={ACM Transactions on Graphics (TOG)},
  volume={33},
  number={6},
  year={2014},
}

@inproceedings{kemelmacher2013internet,
  title={Internet based morphable model},
  author={Kemelmacher-Shlizerman, Ira},
  booktitle={International Conference on Computer Vision},
  year={2013}
}

@inproceedings{kemelmacher2011face,
  title={Face reconstruction in the wild},
  author={Kemelmacher-Shlizerman, Ira and Seitz, Steven M},
  booktitle={International Conference on Computer Vision},
  year={2011},
}

@inproceedings{roth2015unconstrained,
  title={Unconstrained 3D face reconstruction},
  author={Roth, Joseph and Tong, Yiying and Liu, Xiaoming},
  booktitle={Conference on Computer Vision and Pattern Recognition},
  year={2015}
}

@inproceedings{roth2016adaptive,
  title={Adaptive 3D face reconstruction from unconstrained photo collections},
  author={Roth, Joseph and Tong, Yiying and Liu, Xiaoming},
  booktitle={Conference on Computer Vision and Pattern Recognition},
  year={2016}
}

@inproceedings{jourabloo2016large,
  title={Large-pose face alignment via CNN-based dense 3D model fitting},
  author={Jourabloo, Amin and Liu, Xiaoming},
  booktitle={Conference on Computer Vision and Pattern Recognition},
  year={2016}
}

@inproceedings{huber2016multiresolution,
  title={A multiresolution 3d morphable face model and fitting framework},
  author={Huber, Patrik and Hu, Guosheng and Tena, Rafael and Mortazavian, Pouria and Koppen, P and Christmas, William J and Ratsch, Matthias and Kittler, Josef},
  booktitle={International Joint Conference on Computer Vision, Imaging and Computer Graphics Theory and Applications},
  year={2016}
}

@inproceedings{zhu2016face,
  title={Face alignment across large poses: A 3d solution},
  author={Zhu, Xiangyu and Lei, Zhen and Liu, Xiaoming and Shi, Hailin and Li, Stan Z},
  booktitle={Conference on Computer Vision and Pattern Recognition},
  year={2016}
}

@inproceedings{huber2016multiresolution,
  title={A multiresolution 3d morphable face model and fitting framework},
  author={Huber, Patrik and Hu, Guosheng and Tena, Rafael and Mortazavian, Pouria and Koppen, P and Christmas, William J and Ratsch, Matthias and Kittler, Josef},
  booktitle={International Joint Conference on Computer Vision, Imaging and Computer Graphics Theory and Applications},
  year={2016}
}

@inproceedings{jackson2017large,
  title={Large pose 3D face reconstruction from a single image via direct volumetric CNN regression},
  author={Jackson, Aaron S and Bulat, Adrian and Argyriou, Vasileios and Tzimiropoulos, Georgios},
  booktitle={International Conference on Computer Vision},
  year={2017}
}

@inproceedings{suwajanakorn2014total,
  title={Total moving face reconstruction},
  author={Suwajanakorn, Supasorn and Kemelmacher-Shlizerman, Ira and Seitz, Steven M},
  booktitle={European Conference on Computer Vision},
  year={2014}
}
@inproceedings{galliani2015massively,
  title={Massively parallel multiview stereopsis by surface normal diffusion},
  author={Galliani, Silvano and Lasinger, Katrin and Schindler, Konrad},
  booktitle={Proceedings of the IEEE International Conference on Computer Vision},
  pages={873--881},
  year={2015}
}
@inproceedings{Foley1990ComputerG,
  title={Computer graphics - principles and practice, 2nd Edition},
  author={James D. Foley and Andries van Dam and Steven K. Feiner and John F. Hughes},
  year={1990}
}

@inproceedings{dollar2013structured,
  title={Structured forests for fast edge detection},
  author={Doll{\'a}r, Piotr and Zitnick, C Lawrence},
  booktitle={Proceedings of the IEEE international conference on computer vision},
  pages={1841--1848},
  year={2013}
}

@inproceedings{amberg2007optimal,
  title={Optimal step nonrigid icp algorithms for surface registration},
  author={Amberg, Brian and Romdhani, Sami and Vetter, Thomas},
  booktitle={2007 IEEE Conference on Computer Vision and Pattern Recognition},
  pages={1--8},
  year={2007},
  organization={IEEE}
}
@inproceedings{bas2016fitting,
  title={Fitting a 3D morphable model to edges: A comparison between hard and soft correspondences},
  author={Bas, Anil and Smith, William AP and Bolkart, Timo and Wuhrer, Stefanie},
  booktitle={Asian Conference on Computer Vision},
  pages={377--391},
  year={2016},
  organization={Springer}
}

@inproceedings{alldieck2018detailed,
  title={Detailed human avatars from monocular video},
  author={Alldieck, Thiemo and Magnor, Marcus and Xu, Weipeng and Theobalt, Christian and Pons-Moll, Gerard},
  booktitle={2018 International Conference on 3D Vision (3DV)},
  pages={98--109},
  year={2018},
  organization={IEEE}
}

@article{kazhdan2013screened,
  title={Screened poisson surface reconstruction},
  author={Kazhdan, Michael and Hoppe, Hugues},
  journal={ACM Transactions on Graphics (ToG)},
  volume={32},
  number={3},
  pages={29},
  year={2013},
  publisher={ACM}
}
@article{hernandez2015near,
  title={Near laser-scan quality 3-D face reconstruction from a low-quality depth stream},
  author={Hernandez, Matthias and Choi, Jongmoo and Medioni, G{\'e}rard},
  journal={Image and Vision Computing},
  volume={36},
  pages={61--69},
  year={2015},
  publisher={Elsevier}
}
@article{structure2019,
title     = {\href{https://structure.io/structure-sensor}{Structure Sensor}},
  author={Occipital},
}

@inproceedings{baltrusaitis2018openface,
  title={Openface 2.0: Facial behavior analysis toolkit},
  author={Baltrusaitis, Tadas and Zadeh, Amir and Lim, Yao Chong and Morency, Louis-Philippe},
  booktitle={2018 13th IEEE International Conference on Automatic Face \& Gesture Recognition (FG 2018)},
  pages={59--66},
  year={2018},
  organization={IEEE}
}

@article{ichim2015dynamic,
  title={Dynamic 3D avatar creation from hand-held video input},
  author={Ichim, Alexandru Eugen and Bouaziz, Sofien and Pauly, Mark},
  journal={ACM Transactions on Graphics (ToG)},
  volume={34},
  number={4},
  pages={45},
  year={2015},
  publisher={ACM}
}
@inproceedings{saito2016real,
  title={Real-time facial segmentation and performance capture from rgb input},
  author={Saito, Shunsuke and Li, Tianye and Li, Hao},
  booktitle={European Conference on Computer Vision},
  pages={244--261},
  year={2016},
  organization={Springer}
}

@inproceedings{beeler2010high,
  title={High-quality single-shot capture of facial geometry},
  author={Beeler, Thabo and Bickel, Bernd and Beardsley, Paul and Sumner, Bob and Gross, Markus},
  booktitle={ACM Transactions on Graphics (ToG)},
  volume={29},
  number={4},
  pages={40},
  year={2010},
  organization={ACM}
}
@inproceedings{fyffe2017multi,
  title={Multi-View Stereo on Consistent Face Topology},
  author={Fyffe, Graham and Nagano, Koki and Huynh, Loc and Saito, Shunsuke and Busch, Jay and Jones, Andrew and Li, Hao and Debevec, Paul},
  booktitle={Computer Graphics Forum},
  volume={36},
  number={2},
  pages={295--309},
  year={2017},
  organization={Wiley Online Library}
}
@inproceedings{cao2018sparse,
  title={Sparse Photometric 3D Face Reconstruction Guided by Morphable Models},
  author={Cao, Xuan and Chen, Zhang and Chen, Anpei and Chen, Xin and Li, Shiying and Yu, Jingyi},
  booktitle={Proceedings of the IEEE Conference on Computer Vision and Pattern Recognition},
  pages={4635--4644},
  year={2018}
}

@inproceedings{ham2017monocular,
  title={Monocular depth from small motion video accelerated},
  author={Ham, Christopher and Chang, Ming-Fang and Lucey, Simon and Singh, Surya},
  booktitle={2017 International Conference on 3D Vision (3DV)},
  pages={575--583},
  year={2017},
  organization={IEEE}
}